@article{art:eth-yellow-paper,
  author  = {Dr. Gavin Wood},
  title   = {Ethereum: A secure decentralised generalised transaction ledger},
  year    = {2022},
  pages   = {41},
  url     = {https://ethereum.github.io/yellowpaper/paper.pdf}
}